4920 6346
302 738 360 831 in'
378 735 557 851 divertio
583 737 699 848 otiu,
726 737 1010 829 bumana
1037 739 1262 854 disposita,
1291 766 1385 847 nee,
1416 755 1465 829 ut
1490 738 1662 850 qu'tlam
1687 737 1918 839 ddunt,
1946 746 2146 823 nouat-

303 898 390 975 tem
418 882 598 975 tomam
621 881 949 973 madvitellum
972 884 1180 971 ratonem
1210 883 1588 998 praeualenentlo,
1617 879 1784 968 nilm'ei
1810 878 2145 990 veatip'nmnn·

301 1025 500 1123 &lection
538 1031 810 1119 nembmnue
851 1026 1135 1115 cbalazitcme
1177 1042 1463 1141 prammtant.
1527 1029 1784 1135 Plemmqne
1821 1023 1954 1113 attiae
1993 1023 2078 1108 bae
2114 1047 2146 1113 a

301 1169 459 1279 minori
492 1171 669 1261 oltuluza
707 1173 754 1262 in
791 1188 913 1287 parte
947 1170 1150 1260 cumbri
1191 1187 1442 1277 exuerunt,
1489 1197 1602 1281 qnae
1634 1195 1935 1279 mnam
1972 1164 2145 1275 oblitpe

300 1329 417 1407 torta
445 1314 492 1403 in
521 1342 597 1404 eat
624 1315 790 1405 tramit.
849 1314 1033 1428 Saepius
1062 1318 1204 1428 plures
1230 1332 1330 1404 eunt
1358 1340 1557 1421 numero,
1594 1328 1757 1427 partem
1783 1328 1865 1400 ant·
1883 1336 2053 1401 omnen
2078 1307 2145 1399 ti·

304 1456 396 1548 telli
429 1458 809 1549 cirutmierentiam
843 1460 1077 1548 ambientee
1117 1463 1363 1573 pietamque
1396 1459 1681 1548 oimtritnlam
1718 1456 1914 1561 enitent,
1945 1480 2146 1542 nomme

305 1628 434 1715 uuam
463 1618 605 1692 tamen
632 1630 711 1718 per
745 1603 927 1691 mediam
963 1607 1209 1718 procedunt.
1268 1600 1320 1695 st
1352 1609 1643 1692 membranam
1669 1598 1969 1688 ebalaziletnm
2001 1598 2147 1684 dma—

304 1744 406 1855 bat,
436 1745 566 1860 plicae
595 1774 741 1839 earum
768 1773 857 1835 non
884 1775 985 1835 rano
1014 1748 1236 1861 detergere
1263 1749 1472 1852 succedim
1501 1751 1748 1862 plemam
1775 1761 1920 1831 tamen
1946 1768 2035 1828 non
2063 1739 2147 1853 pli-

307 1916 385 1979 oae
413 1905 534 1993 eunt,
571 1892 647 1981 aad
677 1890 926 1996 iucraaaata,
968 1890 1187 1978 tendinum
1214 1892 1349 1980 instar
1376 1906 1620 2007 argenteum
1648 1891 1835 1978 rentem
1861 1886 2146 2001 quietiorem,

306 2034 539 2124 tubutautia
568 2038 839 2125 membranae
868 2034 1164 2122 chalaziserae.

459 2179 770 2289 Nonnunquam
802 2179 846 2265 in
877 2192 997 2290 palte
1032 2178 1235 2267 obtueioti
1271 2179 1341 2267 ovi
1372 2183 1490 2269 nolae
1523 2177 1728 2298 ejusmodi
1763 2176 1893 2266 abiae
1925 2170 2147 2289 reperiun-

307 2343 397 2429 tur,
426 2347 566 2432 neque
596 2324 728 2408 ullum
758 2321 977 2434 nauigium
1005 2325 1207 2412 ebalazae
1226 2324 1269 2429 *ς
1299 2341 1400 2412 tunc
1428 2325 1556 2412 etiam
1585 2329 1782 2411 albumen
1810 2320 1856 2406 in
1884 2322 2034 2408 obtuso
2060 2317 2149 2403 line

307 2464 378 2558 ovi
406 2466 531 2552 valde
573 2463 820 2555 diminutum
860 2467 1046 2555 cernitur
1074 2485 1118 2554 et
1147 2467 1237 2554 fene
1277 2494 1402 2556 omne
1430 2469 1476 2555 iu
1516 2469 1601 2555 line
1641 2464 1817 2554 autumi
1846 2464 2145 2550 accumulatur.

308 2609 443 2725 liujua
471 2606 509 2697 ui
538 2607 710 2721 genesin
739 2608 785 2699 in
812 2610 1012 2698 oviductu
1039 2611 1247 2722 inquiras,
1284 2613 1468 2718 «liceras,
1507 2639 1535 2698 a
1564 2610 1798 2700 secretione
1826 2604 2052 2695 albuminie
2078 2600 2148 2689 ni·

308 2752 438 2844 mium
466 2751 737 2867 praecipitatu
765 2752 1039 2847 damnantem
1069 2782 1178 2862 ease,
1207 2781 1291 2865 quo
1320 2755 1381 2859 lit,
1412 2772 1458 2841 ut
1486 2780 1587 2868 para
1614 2753 1747 2840 vitelli
1776 2753 1822 2837 in
1850 2752 1920 2837 via
1948 2774 2028 2862 per
2054 2745 2149 2836 ovi·
2303 2817 2308 2825 .

309 2895 480 2985 ‹luuum
509 2894 715 3002 autetion,
764 2903 1051 2987 membranam
1082 2899 1172 3011 ejus
1207 2900 1265 2985 ad
1292 2897 1569 2986 secretionem
1598 2896 1811 3010 copiosam
1838 2893 1996 2997 irritet,
2037 2914 2149 3000 ‘lm
2195 3003 2198 3007 ,

311 3065 413 3129 veto
441 3035 526 3128 cito
555 3038 816 3145 exlmuritun,
846 3058 894 3127 ut
923 3044 1022 3129 (lum
1039 3041 1084 3129 in
1113 3044 1293 3129 eundem
1322 3045 1459 3131 locum
1479 3041 1574 3128 linia
1595 3039 1735 3144 uitelli
1763 3042 2022 3146 mbaeqnens
2047 3059 2148 3146 pro·

310 3198 525 3284 movetur,
561 3208 710 3296 patum
739 3184 897 3291 adbuc,
939 3187 1052 3294 quod
1081 3202 1342 3293 aecematur,
1378 3185 1571 3299 supersit.
1630 3187 1746 3270 llaec
1775 3180 1820 3268 in
1849 3206 1952 3267 casu
1980 3174 2148 3264 insolito

309 3323 562 3431 accidentia,
607 3325 814 3415 nationem
856 3328 982 3416 etiam
1012 3330 1214 3436 reddunt,
1256 3358 1332 3416 our
1359 3330 1407 3416 in
1447 3345 1560 3416 statu
1598 3324 1799 3432 normali,
1840 3325 1888 3412 iu
1916 3338 2038 3439 parte
2077 3317 2148 3408 ovi

308 3468 524 3561 obtusiore
552 3467 690 3557 minor
717 3471 829 3560 adsit
857 3474 1052 3579 choloza,
1095 3473 1235 3559 minor
1263 3471 1390 3558 etiam
1418 3473 1542 3588 copia
1571 3468 1806 3559 albuminia.

1294 3674 1408 3692 ἡ

1148 3811 1196 3931 e.
1240 3808 1317 3906 ιε.

406 3993 486 4081 De
527 3992 790 4084 albumine
829 3995 909 4084 ita
944 3998 1084 4087 dieto
1125 4001 1288 4090 tertio
1327 4001 1493 4115 deque
1532 4025 1664 4086 zoua
1705 3962 2058 4081 ebuiuzorum.

469 4190 537 4277 llo
579 4189 790 4278 albumine
831 4192 955 4283 tertio
997 4191 1235 4305 inquirent,
1283 4221 1436 4289 caveae
1474 4220 1531 4281 ne
1565 4192 1611 4279 in
1648 4191 1827 4280 eandem
1863 4213 1959 4273 cum
1993 4181 2089 4271 aliis
2107 4179 2151 4227 *⁶

319 4331 554 4422 illusionem
583 4331 763 4442 incidas,
806 4363 916 4445 quae
945 4353 989 4426 et
1020 4339 1124 4428 mibi
1152 4338 1316 4454 longius
1354 4339 1611 4454 imponebat.
1671 4335 1837 4424 Verum
1866 4329 2033 4439 quidm
2073 4340 2152 4431 0⁸¹2

320 4477 515 4565 albumen
550 4475 662 4565 cinea
691 4475 919 4567 funiculum
961 4480 1204 4571 interiorem
1233 4483 1483 4572 albicantem
1523 4481 1724 4568 ebalazae
1752 4473 1926 4592 spissius
1954 4496 2067 4577 0880,
2110 4483 2156 4556 0⁸

321 4615 414 4709 iere
443 4619 496 4707 ad
527 4618 752 4737 gelatinum
781 4622 1003 4732 accedere,
1046 4629 1156 4736 quod
1187 4624 1244 4735 ei,
1274 4644 1321 4714 ut
1348 4625 1497 4717 melius
1526 4625 1778 4737 distinguam
1807 4615 1978 4707 tertium
2005 4614 2155 4729 appel·

319 4762 412 4852 late
441 4760 564 4871 velia,
594 4791 681 4854 non
709 4769 876 4877 obsum,
907 4769 1096 4881 quamvis
1125 4771 1361 4884 paullatim,
1392 4772 1447 4859 ad
1477 4768 1765 4860 extremitates
1794 4762 2082 4865 chalazamm,
2111 4753 2156 4841 in

323 4902 518 4994 albumen
547 4904 755 5021 reliquum
782 4911 841 4999 ita
870 4927 1081 5022 traneeat,
1123 4931 1171 5006 ut
1199 4914 1305 5009 fines
1333 4912 1538 5031 magnam·
1565 4908 1838 5001 nullomodo
1865 4900 2048 5033 possible
2090 4914 2157 4988 Ν

408 5262 425 5299 '
467 5255 553 5324 cous.
576 5260 739 5330 Ltvnnmt
761 5265 782 5330 Ι.
803 5286 829 5330 e.
851 5288 881 5347 p.
895 5276 968 5335 tte.

409 5377 443 5417 ⁰⁰
485 5374 591 5445 Contu
612 5383 648 5465 ab
670 5380 822 5451 Tuum
843 5386 913 5452 tta.
935 5390 1039 5453 alutem
1059 5391 1108 5452 ou
1129 5392 1228 5454 aulum
1249 5390 1385 5455 bbtorbe
1405 5391 1501 5472 prodr.
1531 5389 1599 5469 Εἰς.
1615 5385 1662 5450 11.
1684 5399 1723 5450 et.
1746 5380 1811 5446 111.
