4920 6346
820 508 1622 607 mmm...

1143 742 1191 862 d.
1225 746 1303 838 17.

876 928 985 1018 De·
1010 931 1309 1019 adbumiue
1338 928 1568 1049 fluido.

456 1186 508 1281 lu
536 1207 639 1290 ovo,
668 1182 770 1270 dum
797 1176 937 1267 adbuc
965 1174 1011 1264 in
1038 1175 1237 1267 oviduotu
1263 1193 1477 1287 versuum,
1508 1181 1707 1271 albumen
1735 1176 1917 1296 primum
1932 1153 2020 1268 ¹seu
2047 1175 2143 1270 flui-

303 1335 409 1423 dum
434 1356 522 1419 non
550 1338 779 1441 comparet.
838 1323 901 1409 At
935 1347 1075 1430 neque
1102 1320 1149 1409 in
1183 1349 1267 1411 ovo
1296 1321 1427 1427 uteri,
1477 1322 1666 1432 quamvis
1693 1322 1780 1440 iam
1807 1338 1916 1410 testa
1945 1322 2143 1429 obducto,

301 1473 587 1587 dbdngrutur.
647 1470 862 1567 Albumen
890 1480 991 1553 amo
1019 1467 1248 1553 secundum
1287 1470 1559 1555 membranae
1599 1482 1734 1557 testae
1763 1467 1966 1555 adhaeret
2006 1491 2145 1576 noque

303 1621 577 1734 ligamentum
613 1608 836 1699 albuminis
863 1607 909 1695 in
950 1624 1072 1721 parte
1101 1607 1277 1697 acutiori
1316 1609 1580 1700 discernitur.
1640 1613 1692 1699 ln
1719 1637 1811 1702 ovo.
1843 1638 1945 1699 mox
1973 1613 2146 1698 exclrua

302 1767 509 1856 ,albumen
530 1759 639 1875 *boo,
681 1756 791 1852 dum¹
810 1779 938 1840 ovum
965 1755 1044 1840 sub
1073 1780 1184 1863 aqua
1213 1752 1420 1865 aperitur,
1460 1780 1549 1842 non
1577 1751 1748 1860 diffluit,
1791 1755 1867 1842 sed
1897 1752 1967 1843 ovi
1996 1753 2145 1859 forma,

311 1906 541 2023 paullulum
580 1895 851 2013 pollucidius,
893 1898 1092 1983 albumen
1132 1898 1360 1983 secundum
1378 1986 1382 1995 ,
1402 1896 1652 2004 circumdat,
1696 1896 1884 2010 qmmvis
1919 1895 2008 2015 jam
2047 1913 2148 1984 uuae

310 2052 442 2137 multo
471 2044 655 2132 fluidius.
715 2038 897 2128 Videtur
925 2039 971 2124 in
999 2037 1249 2126 formatione
1284 2038 1406 2156 hujus
1435 2038 1659 2128 albuminis
1689 2042 1800 2130 airis
1828 2038 2150 2155 atmospbaerioi

312 2191 443 2297 actio,
485 2187 548 2275 uti
576 2189 676 2272 dnm
712 2198 1038 2270 cressementum
1075 2182 1288 2294 sanguinis
1324 2183 1546 2290 formatur,
1589 2184 1758 2296 plurimi
1793 2210 1886 2272 esse
1927 2181 2149 2285 momenti3

313 2335 402 2423 sors
430 2331 556 2420 etiam
586 2325 746 2442 pressio
776 2324 886 2412 airis
926 2323 1160 2413 fluidiorem
1188 2342 1350 2439 partem
1380 2353 1437 2413 ex
1466 2326 1697 2415 interstitiis
1737 2329 1998 2415 lamellarum
2028 2328 2151 2412 albu-

314 2475 439 2567 minis
467 2471 640 2561 secundi
680 2467 959 2583 peripheriam
988 2496 1135 2556 versus
1165 2469 1290 2556 elicit.
1352 2467 1521 2557 Certum
1549 2487 1637 2573 est,
1681 2473 1878 2558 albumen
1905 2471 2150 2576 secundum,

314 2624 415 2709 dum
457 2611 755 2703 fluidiusillud
796 2635 936 2700 exeo
976 2613 1163 2700 nondum
1191 2627 1429 2725 separatum
1456 2628 1542 2719 est,
1591 2616 1722 2703 multo
1751 2612 1914 2700 facilius
1955 2618 2011 2702 ab
2040 2638 2151 2723 aqna

316 2760 500 2861 receuti,
542 2758 610 2845 cui
637 2755 894 2858 immittitur,
923 2754 1137 2868 penetrari
1167 2772 1210 2844 et
1238 2731 1499 2847 lamellosam
1528 2783 1647 2873 suam
1675 2773 1927 2861 structuram
1954 2758 2149 2868 prodere.

316 2909 532 2999 Albumen
559 2904 641 2989 hoc
669 2900 841 2987 fluidum
870 2898 1027 2987 eximia
1056 2898 1305 3013 plasticitate
1334 2901 1535 2987 donatum
1564 2916 1652 3004 est,
1693 2901 1756 2987 uti
1784 2914 2016 3013 comparet,
2051 2902 2151 2987 dum

317 3076 443 3140 curm
469 3048 549 3134 snb
578 3071 689 3154 aqua
717 3041 878 3130 recenti
907 3041 1092 3155 aperias,
1134 3042 1209 3129 ubi
1237 3040 1456 3129 diffluxum
1484 3044 1605 3132 brevi
1632 3043 1678 3132 in
1706 3048 1973 3133 membranas
1999 3043 2153 3131 fibras·

317 3220 402 3306 que
432 3187 683 3286 unemimas
711 3188 1004 3286 condensatur.
1621 3276 1624 3281 ,

472 3331 639 3448 Quodsi
666 3333 812 3417 ludum
847 3355 1069 3418 amoenum
1096 3327 1174 3415 tibi
1209 3355 1364 3441 parare
1392 3330 1519 3438 velis,
1566 3328 1731 3443 aperias
1758 3330 1806 3417 in
1844 3331 2000 3445 patella
2028 3355 2155 3418 ovum

309 3477 424 3592 ,quin
449 3503 611 3588 aquam
638 3472 862 3576 adbibeas;
914 3487 1015 3559 tune
1043 3471 1166 3560 facile
1195 3471 1471 3585 distinguetur
1498 3477 1695 3563 albumen
1722 3473 1925 3584 fluidum,
1967 3475 2080 3584 quod
2108 3473 2155 3559 in

317 3623 451 3713 undo
479 3620 593 3721 vasis
609 3615 809 3706 diffusum
827 3630 904 3721 est,
933 3642 962 3702 a
984 3614 1196 3728 spissiore,
1227 3617 1338 3727 quod
1358 3616 1545 3705 vitellum
1567 3617 1817 3723 circumdat3
1846 3632 2010 3731 partem
2032 3615 2156 3734 hujus

309 3766 475 3864 deinde
502 3765 649 3853 tubulo
684 3758 789 3849 exili
816 3756 986 3871 iusugas
1020 3775 1064 3847 ct
1092 3787 1229 3870 aquae
1264 3758 1447 3866 recenti,
1488 3775 1562 3848 aut
1589 3764 1795 3874 gallorum
1821 3760 2018 3850 solutioni
2046 3786 2157 3871 aqua

315 3910 480 4007 dilutae
508 3907 702 4012 instillas,
731 3917 804 3989 aut
831 3902 998 3989 tractim
1026 3902 1334 3992 subsidendcve
1352 3901 1567 3992 effundam
1596 3903 1829 3993 formantur
1857 3920 1957 3993 tunc
1982 3906 2156 4015 elegan-

312 4051 468 4151 tissirm
482 4048 672 4154 ‚sacculb
702 4072 828 4148 vasa,
858 4049 1145 4154 membranae,
1174 4048 1365 4153 cellulae,
1395 4047 1625 4158 fibraeque,
1654 4063 1707 4135 ut.
1729 4048 1804 4135 vix
1831 4075 1859 4135 a
1886 4044 1999 4143 aeris
2028 4072 2156 4160 orga-

309 4196 427 4285 nicis
455 4191 669 4310 productis
697 4189 955 4302 distinguere
983 4191 1151 4297 valeas,
1176 4189 1451 4304 proditurum
1477 4193 1587 4283 adeo
1617 4217 1864 4306 processus,
1893 4216 1978 4304 quo
2005 4204 2157 4288 mim

311 4343 528 4455 ‚phumata
555 4362 632 4425 uua
661 4349 824 4425 enuere
852 4331 1031 4422 adeun.

1058 4516 1413 4532 m

1164 4578 1222 4781 §.i
1248 4667 1323 4759 ta.

309 4826 358 4843 Ἣ
451 4836 457 4869 ³
560 4856 1018 4945 Daedaluzurum
1054 4832 1575 4971 genesi'utpucusu
1615 4855 1924 4943 mechanico.

385 5103 401 5156 .··.
439 5002 443 5010 Ι
477 5005 662 5141 vitellus
692 5052 791 5157 dum
826 5047 1039 5136 albumine
1067 5047 1113 5133 in
1141 5047 1338 5139 uniductu
1367 5048 1572 5155 induitur,
1614 5050 1830 5163 paullatim
1859 5049 2162 5167 ulterius-‚piro-

325 5210 536 5300 movetur‚
590 5197 725 5281 donec
755 5193 808 5277 ad
846 5189 1040 5278 isthmum
1082 5189 1311 5304 perveniat.
1372 5193 1422 5277 ln
1452 5220 1677 5305 progressu
1707 5221 1782 5283 suo
1812 5221 1897 5280 non
1943 5194 2160 5304 ecquidem

326 5341 475 5428 eodem
495 5340 624 5426 modo
653 5350 857 5444 movetru,
886 5361 971 5444 quo
993 5332 1281 5423 intestinorum
1310 5335 1554 5425 mmcuosis
1582 5336 1812 5451 parietibus
1841 5355 2037 5428 contenta
2059 5364 2161 5453 pro·
