4920 6346
917 492 1732 583 mum...

410 760 547 846 neque
576 727 814 820 necessario
835 733 889 818 ab
919 755 972 816 eo
1002 757 1199 818 aversum
1218 730 1255 835 *,
1285 729 1362 817 sed
1391 755 1523 844 penes
1552 756 1649 819 eum
1678 729 1941 845 protenditur
1969 729 2247 821 extremitati·

411 884 490 967 bus
519 876 607 966 suis
636 893 777 964 costae
807 872 1061 987 penultimae
1089 872 1286 960 sinistrae
1315 887 1519 984 uteroque
1549 873 1738 962 affixum.

1246 1121 1294 1240 a.
1335 1126 1411 1215 10.

503 1277 879 1372 Exuberantia
907 1276 1245 1380 secretionis,
1283 1306 1599 1391 organorum
1623 1277 1997 1395 generationis
2026 1307 2158 1367 traor-

1190 1412 1469 1500 vescentia.

566 1604 615 1689 ln
654 1600 842 1715 pluribus
871 1597 1039 1710 gallinis
1073 1624 1184 1707 quae
1220 1623 1347 1685 orum
1383 1597 1612 1711 perlectum
1648 1598 1692 1685 in
1727 1615 1851 1685 utero
1887 1601 2130 1712 gestabant,
2179 1601 2250 1689 ori

414 1745 681 1836 maturissimi
709 1743 974 1856 superficiem
996 1740 1084 1857 jam
1113 1740 1233 1850 quasi
1263 1757 1515 1828 maceratam
1545 1739 1704 1853 reperi,
1753 1744 1867 1829 unde
1896 1741 2094 1829 inducere
2123 1770 2250 1832 ausus

415 1919 531 1993 sum,
578 1888 698 1975 limbi
726 1884 930 1973 actionem
961 1884 1170 1994 quandam
1200 1884 1457 1996 digerentem
1486 1880 1618 1972 luisse
1647 1901 1882 1999 expertam.
1941 1887 2033 1974 lloc
2062 1864 2250 1998 tempore
2317 1924 2329 1937 ·

414 2038 661 2151 plerumque
687 2029 812 2117 ctiam
836 2028 879 2113 in
906 2025 1138 2113 abdominis
1168 2054 1272 2113 cavo
1296 2054 1434 2113 serum
1459 2028 1707 2128 flavescens,
1736 2027 1856 2136 quasi
1877 2030 2014 2117 soluto
2039 2027 2250 2116 albumine

413 2177 591 2267 mixtum
626 2173 938 2287 deprehendes,
988 2168 1250 2279 eundemque
1285 2168 1490 2278 liquorem
1518 2198 1604 2263 non
1641 2197 1738 2259 raro
1775 2170 1886 2259 inter
1903 2170 2081 2265 ,tunicas
2110 2170 2250 2258 aulicis

415 2319 596 2411 effusum
623 2314 830 2419 invenies,
867 2311 984 2431 cujus
1013 2310 1287 2424 significatum
1317 2313 1533 2426 assignare
1561 2340 1740 2424 nequeo,
1770 2313 1872 2402 fors'
1886 2318 1942 2400 ab
1973 2315 2250 2413 exuberantia
2362 2364 2365 2369 ·

415 2465 531 2554 nisus
560 2458 775 2573 sanguinis
804 2454 936 2543 vitelli
965 2454 1213 2542 secernendi
1242 2453 1546 2558 derivandum,
1575 2459 1723 2567 quales
1751 2461 1968 2573 abscessum
1997 2456 2249 2545 laotilormes

416 2623 512 2725 post
540 2620 706 2720 partum
733 2603 780 2688 in
815 2597 995 2687 feminis.
1055 2599 1367 2706 Nonnunquam
1400 2597 1526 2684 etiam
1556 2600 1724 2687 ovulum
1760 2615 1967 2686 maturum
1996 2616 2161 2714 ruptum
2192 2598 2249 2686 ita

417 2749 586 2849 inveni,
629 2764 675 2833 ut
703 2744 871 2831 vitellus
900 2741 1012 2829 inter
1045 2744 1310 2830 membranas
1346 2742 1490 2830 calicis
1527 2740 1834 2849 cllimderetur,
1880 2742 2098 2858 sphaerica
2133 2743 2251 2832 ,ortuli

417 2894 552 3008 ligura
580 2891 626 2977 in
655 2889 929 3000 irregularem
957 2899 1223 2972 commutata.

571 3031 736 3148 Quodsi
765 3029 946 3144 gallinae
976 3027 1177 3141 oviparae
1204 3055 1289 3115 non
1314 3027 1416 3115 satis
1445 3028 1703 3130 nutriuntur,
1734 3056 1909 3116 oronim
1937 3027 2131 3118 formatio
2157 3055 2250 3115 ces·

313 3280 319 3287 ,
419 3194 506 3285 sat,
534 3194 579 3267 et
607 3203 658 3263 ca
687 3176 839 3275 ovula,
868 3198 978 3285 qnae
1007 3172 1061 3257 ad
1091 3170 1372 3257 maturitatem
1401 3174 1670 3278 accedebant,
1700 3171 1953 3285 singudarem
1982 3171 2250 3259 mutationem

418 3328 620 3423 subeunt3
663 3316 869 3430 rumpitur
897 3319 1140 3403 membrana
1170 3314 1311 3402 sabeis
1339 3312 1526 3422 interna,
1556 3314 1723 3403 vitellus
1751 3316 1797 3413 in
1827 3317 1999 3403 cellulas
2030 3313 2250 3402 exterioris

418 3470 690 3555 membranae
719 3455 864 3565 effluit,
895 3460 1063 3546 ovulnm
1091 3455 1352 3557 diminuitur,
1382 3455 1548 3544 vitellus
1578 3457 1751 3545 albescit
1780 3474 1824 3545 et
1852 3461 2121 3560 absorbetur3
2151 3471 2249 3542 tunc

419 3610 547 3697 etiam
588 3604 749 3693 minora
785 3604 909 3691 arula
944 3599 1207 3715 sphaericam
1249 3599 1443 3687 amittunt
1483 3600 1666 3715 speciem
1707 3618 1750 3688 et
1790 3600 1963 3690 flaccida
2002 3627 2250 3714 rugosaque,

418 3751 561 3840 vitello
590 3748 788 3836 destituta
816 3747 1016 3859 pendent.

572 3892 731 3979 Mirum
760 3905 824 3978 est
864 3886 1102 4000 quamcito
1132 3885 1177 3973 in
1218 3886 1421 4004 ejusmodi
1452 3886 1637 4001 gallinis,
1686 3916 1795 3999 quiae
1825 3916 1904 3979 ova
1934 3914 2085 4002 parere
2114 3885 2253 3973 desie-

419 4053 531 4144 rant,
559 4034 605 4123 in
628 4030 902 4123 mesometriis
931 4030 1110 4121 bbnllae
1139 4033 1397 4118 musculares
1422 4048 1687 4138 evanescant,
1717 4048 1763 4119 ut
1786 4049 1886 4118 tunc
1910 4032 1997 4151 jam
2025 4047 2121 4146 post
2147 4058 2252 4144 pau·

418 4210 492 4273 oos
527 4178 617 4269 dies
661 4174 828 4265 nonnisi
869 4176 1042 4289 vestigia
1083 4175 1289 4285 quaedam
1326 4201 1491 4281 eorum,
1540 4175 1665 4261 lactei
1700 4175 1872 4281 coloris,
1921 4174 1996 4262 uix
2031 4173 2252 4289 conspicua

419 4321 726 4443 deprehendas.
786 4319 869 4408 Ast
898 4320 953 4407 de
982 4319 1049 4407 bis
1077 4321 1206 4405 multa
1237 4318 1374 4406 adbuc
1403 4317 1637 4405 accuratius
1672 4318 1930 4406 disserenda.

1252 4571 1302 4688 s.
1344 4573 1421 4665 ιι.

719 4725 799 4811 De
834 4724 1207 4812 evanescentia
1245 4724 1514 4813 vesiculae
1549 4721 1950 4839 germinatione.

574 4896 758 4983 Vitellus
799 4896 853 4980 ab
901 4893 1097 4982 ouiductn
1145 4912 1366 5009 exceptus,
1423 4893 1629 4998 clralazis,
1684 4893 1949 4978 chalazarnm
1993 4890 2251 4996 membrana,

419 5037 662 5140 albumine,
702 5040 948 5124 membrana
976 5054 1109 5128 testae
1139 5038 1295 5155 duplici
1334 5054 1525 5147 testaque
1565 5037 1611 5124 in
1651 5060 1873 5147 progressu
1901 5060 1979 5121 uuo
2019 5033 2250 5122 instruitur.

506 5275 612 5426 'ng
635 5264 837 5425 ΑιὲοΜοίιιο
869 5270 1004 5338 Verruci
1033 5277 1113 5336 einer
1140 5270 1347 5352 Abinndlnng
1374 5270 1443 5334 tior
1470 5266 1681 5351 angletrlenb
1706 5262 1868 5331 Aristonis
1893 5291 1923 5328 o.
1945 5266 1976 5329 d.
1999 5266 2089 5350 Engi.
2134 5268 2249 5332 Giittin·

416 5384 492 5442 Μ)
606 5406 615 5426 ·
642 5382 673 5440 P·
730 5403 740 5423 ·
