4920 6346
922 526 1736 615 *pp—...-

1217 694 1397 875 os.

463 948 545 1033 De
579 945 799 1032 ructibus
840 941 1113 1032 oviduetus
1148 958 1199 1031 et
1234 944 1565 1062 infundibuli
1599 956 1650 1032 et
1686 944 1749 1030 dc
1784 973 1959 1032 cortem
2002 973 2201 1058 organo

1180 1089 1479 1176 rrtuaculuri.

409 1410 412 1415 .
566 1337 679 1426 llum
708 1334 906 1447 gallinam
935 1360 1083 1421 moena
1113 1350 1354 1438 mactatam,
1391 1359 1507 1442 quae
1531 1359 1657 1420 ovum
1683 1332 1768 1448 jam
1793 1331 2024 1448 perfectum
2052 1332 2098 1419 in
2127 1348 2249 1423 utero

413 1477 521 1592 gerit
550 1477 704 1590 aperis,
735 1476 1013 1585 intestinaque
1042 1503 1252 1577 removes,
1282 1504 1366 1586 quo
1386 1504 1544 1589 organa
1573 1477 1745 1591 ovipara
1775 1478 1910 1563 libere
1935 1491 2122 1590 pateant,
2150 1491 2250 1563 tunc

411 1648 579 1710 omnem
609 1620 846 1711 oviduetum
876 1636 920 1706 et
948 1635 1114 1706 uterum
1142 1622 1325 1707 motibus
1365 1619 1573 1706 continuis
1602 1619 1869 1732 peristalticis
1897 1623 2141 1709 convulsum
2171 1621 2249 1704 de-

409 1765 672 1878 prehendes3
724 1763 969 1875 praesertim
998 1762 1036 1848 si
1065 1788 1201 1871 aquoe
1229 1764 1397 1875 tepidae
1425 1767 1692 1875 submergas,
1742 1762 1814 1849 ubi
1844 1761 1942 1849 dein
1973 1761 2161 1851 fimbriae
2190 1760 2249 1847 si·

411 1933 595 2006 nuosoe,
636 1933 746 2015 quae
774 1905 1004 2017 marginem
1032 1904 1283 1990 infundibuli
1312 1922 1546 2007 coronant,
1588 1905 1890 1995 amoenissimis
1919 1904 2250 1994 contractionum

413 2051 802 2162 expensionumque
830 2048 992 2134 vicibus
1020 2048 1269 2162 crispantur.
1332 2048 1517 2161 Quodsi,
1552 2048 1756 2136 irritando
1783 2064 1947 2160 partes,
1980 2075 2125 2135 veram
2155 2045 2248 2133 ovi·

412 2196 560 2280 duetus
596 2192 825 2278 motionum
867 2193 1010 2276 sedem
1047 2191 1254 2299 inquiras,
1307 2191 1422 2279 facili
1456 2190 1624 2306 negotio
1659 2193 1707 2278 in
1739 2191 2006 2279 mesometrio
2046 2188 2248 2303 reperies,

412 2338 524 2446 quod
553 2351 652 2419 tuoe
681 2334 796 2419 fibris
835 2333 1141 2420 musetdaribus
1170 2334 1515 2421 manifestissimis
1545 2352 1589 2422 et
1629 2333 1976 2421 numerosissimis
2004 2333 2249 2420 instructum

412 2504 506 2565 esse
536 2504 661 2563 nemo
689 2476 880 2588 negabit,
923 2476 995 2585 qui
1025 2492 1208 2563 attentus
1237 2477 1522 2563 observaverit
1540 2478 1576 2563 ἦ
1635 2479 1742 2563 Fors
1771 2505 1857 2563 nou
1892 2502 2249 2588 supervacaneum

413 2621 495 2709 erit
524 2619 795 2732 descriptioni
823 2618 946 2735 hujus
976 2639 1200 2731 apparatus
1229 2647 1355 2706 unam
1386 2623 1615 2706 alteramve
1644 2619 1798 2705 lineam
1826 2646 1993 2706 vovere.

566 2760 881 2848 Mesometrium
909 2778 1097 2874 tempore
1125 2761 1201 2848 illo
1230 2790 1313 2870 quo
1343 2762 1523 2874 gallinae
1551 2788 1630 2848 ova
1662 2761 1828 2874 pariunt
1856 2765 1972 2849 nullo
2002 2765 2128 2850 modo
2156 2788 2249 2847 me-

410 2904 585 2995 senterii
612 2920 805 2991 naturam
834 2932 937 3016 prae
972 2932 1021 2992 se
1051 2904 1149 3011 fert,
1177 2931 1264 3014 quo
1292 2905 1498 2992 intestinis
1526 2932 1636 2992 vasa·
1659 2903 1988 3017 suppeditentur,
2018 2907 2094 2992 sed
2122 2930 2249 2990 verus

412 3051 623 3137 mmoulus
652 3064 716 3134 est
746 3062 830 3135 -aut
858 3047 996 3160 potius
1037 3052 1282 3136 membrana
1322 3048 1592 3153 muscularis‚
1642 3074 1752 3157 quae
1781 3048 1950 3137 omniuo
1990 3075 2093 3135 vaso
2123 3047 2249 3135 etiam

406 3193 469 3279 ad
511 3191 751 3279 oviduetum
798 3189 1021 3277 distribuit.
1092 3190 1372 3304 Distinguitur
1412 3194 1572 3304 duplex
1613 3195 1940 3295 mammarium,
1991 3190 2165 3279 inferius
2206 3206 2249 3277 et

410 3334 617 3448 superius.
646 3424 649 3429 ,
677 3332 855 3421 Inferius
884 3349 1081 3446 punctum
1099 3335 1230 3420 fixum
1258 3335 1302 3420 in
1331 3335 1523 3421 inferiori
1546 3334 1654 3422 facie
1682 3334 1791 3421 uteri
1815 3333 1867 3448 (si
1887 3335 1946 3420 ita
1975 3360 2137 3421 vocaret
2150 3333 2249 3420 lieet

414 3493 576 3590 partem
605 3475 794 3563 ultimam
823 3476 1043 3563 oviduetus
1082 3477 1159 3563 ubi
1186 3494 1294 3565 testa
1324 3478 1551 3581 formatur,
1606 3492 1651 3565 et
1679 3478 1795 3594 eujus
1824 3476 2048 3589 praecipue
2083 3476 2249 3564 oenone

407 3638 559 3734 ,partus
589 3618 659 3706 ovi
688 3615 916 3732 perficitur)
947 3620 1099 3719 babet,
1150 3620 1223 3706 ubi
1251 3625 1402 3735 plexus
1430 3623 1633 3707 fibrarum
1660 3622 1955 3711 muscularium
1989 3619 2250 3709 omniformis

416 3763 536 3879 (Fig.
556 3759 718 3874 XIX.)
747 3778 813 3848 sat
842 3763 1010 3849 densus·
1024 3788 1083 3850 ex
1121 3779 1300 3873 utroque
1328 3768 1461 3852 latere
1490 3767 1544 3851 ad
1575 3763 1685 3849 uteri
1713 3763 1912 3851 ambitum
1947 3765 2248 3876 exporrigitur3

406 3907 461 3993 in
501 3921 623 4020 parte
657 3902 878 4016 posteriori
912 3905 1021 3992 uteri
1066 3932 1150 4016 quo
1185 3910 1280 3996 loeo
1315 3908 1467 4021 vagina
1508 3908 1552 3994 ei
1584 3906 1802 4011 inseritur,
1851 3910 2039 3993 merulus
2080 3932 2249 3992 muscu-

415 4053 531 4138 losus
560 4065 626 4136 sat
660 4047 1033 4154 transformatur,
1081 4049 1155 4159 qui
1182 4053 1263 4136 sub
1291 4068 1416 4164 partu
1450 4052 1645 4164 vaginam
1673 4052 1729 4135 ab
1757 4076 1839 4137 ovo
1873 4048 2090 4135 dilatatam
2119 4048 2250 4137 ambit

417 4209 461 4282 et
490 4189 796 4307 protrusionem
824 4192 914 4306 ejus
943 4193 1133 4307 adjuvan
1188 4209 1425 4282 unuorsum
1453 4221 1555 4283 vero
1583 4194 1630 4279 in
1659 4197 1944 4279 membranam
1973 4195 2249 4281 musctdarem

416 4336 534 4425 libris
574 4330 835 4425 reticulatam
874 4334 1028 4421 flabelli
1057 4337 1204 4424 instar·
1229 4340 1449 4443 dilatatur,
1489 4337 1607 4454 cujus
1649 4331 1887 4448 pen'plieria
1926 4340 1982 4422 ab
2022 4334 2250 4423 insertione

416 4477 637 4568 oviduetus
671 4473 717 4565 iu
750 4491 915 4564 uterum
949 4477 1099 4592 incipit
1126 4495 1170 4567 et
1205 4479 1433 4568 insertione
1466 4477 1709 4592 posterioris
1744 4477 1887 4593 angtdi
1921 4477 2170 4565 infundibuli
2204 4477 2248 4569 iu

419 4622 617 4718 eundem,
646 4617 690 4703 iu
709 4644 758 4711 se
779 4618 917 4731 ipurm
944 4623 1065 4730 quasi
1087 4621 1270 4728 rediens,
1298 4620 1560 4709 terminatur.
1619 4623 1759 4728 Alter,
1787 4621 1975 4708 anterior
2002 4647 2153 4732 nempe
2181 4621 2249 4707 iu-

418 4760 624 4852 ftmdibuli
647 4764 823 4874 angrlus
845 4761 891 4850 io
915 4764 1185 4876 ligamentum
1208 4782 1275 4855 sat
1297 4782 1557 4879 compactum
1580 4765 1810 4869 masticem,
1839 4763 1930 4851 fors
1957 4778 2091 4851 totum
2113 4788 2249 4870 quau·

419 4925 508 4998 tum
542 4907 777 4992 mtueulare
812 4904 1043 5018 colligitur,
1090 4911 1201 5018 quod
1232 4912 1478 5023 plerumque
1502 4911 1567 5000 ¹ad
1596 4909 1782 4994 radicem
1816 4922 1960 4993 costae
1995 4903 2249 5018 penultimae

416 5049 565 5143 lateris
591 5048 751 5136 siuutri
778 5046 980 5138 insertum
1008 5067 1094 5157 θεῖς
1142 5052 1248 5139 olias
1276 5079 1379 5138 vero
1400 5050 1556 5185 minus·
1578 5047 1802 5162 conspicuo
1841 5048 1954 5135 cuca
1983 5075 2109 5161 poros
2136 5049 2249 5137 aliri-

503 5291 519 5322 ⁰
562 5285 647 5348 Garri
678 5284 737 5348 Gn.
764 5285 997 5350 Sinuessano
1029 5287 1190 5364 disquisitio
1217 5288 1290 5348 circa
1316 5297 1413 5364 portes
1440 5285 1581 5366 geniales
1608 5285 1768 5346 inermum
1793 5287 1904 5346 avium.
1953 5281 2086 5364 Gottiog.
2111 5292 2190 5349 tota
2220 5307 2245 5348 c.

418 5389 493 5452 Tala.
515 5409 583 5468 pag.
597 5390 649 5450 bo.
