4920 6346
925 539 1242 554 .....,-..-.
1303 488 1368 583 12
1431 536 1745 552 ..—

416 730 571 838 angulo
600 742 723 813 acuto
751 724 1001 832 intertexta3
1049 754 1152 814 rasa
1179 754 1282 816 sero
1309 727 1558 841 principalia
1591 727 1787 839 proxima
1815 726 1968 840 origini
1995 728 2249 815 mesommii

416 896 510 957 mim
540 870 738 959 otiductu
760 874 965 983 parallela
993 872 1236 959 decurrunt.
1295 874 1395 958 Nori
1424 873 1581 981 ubique
1601 871 1781 957 latitudo
1807 870 2063 959 mmometmi
2090 898 2249 980 aequa-

416 1012 471 1101 lis
500 1029 578 1100 est.
638 1016 771 1101 Prout
800 1039 952 1127 nempe
991 1013 1210 1102 oviduetus
1237 1013 1372 1102 tribus
1400 1015 1572 1101 flexionis
1606 1041 1771 1101 sursum
1801 1016 2078 1124 deorsumque
2104 1013 2249 1101 unua·

416 1170 507 1261 tur,
549 1156 859 1244 mesometrium
900 1157 1026 1245 etiam
1060 1158 1333 1246 breviasset
1373 1159 1512 1245 laxiim
1545 1157 1701 1245 crailit.
1759 1158 1963 1245 Fibn'llae
1996 1161 2249 1245 mmculares

416 1298 691 1404 mesometrii,
728 1300 801 1385 ubi
829 1300 1067 1389 oviduetum
1093 1301 1262 1417 jamjam
1290 1301 1520 1413 attingunt,
1562 1303 1619 1386 ab
1646 1300 1828 1387 invicem
1853 1300 2094 1406 discedunt,
2129 1328 2249 1388 eum·

417 1468 501 1552 que
536 1445 835 1554 amplectentes
863 1449 1108 1531 membrana
1149 1444 1372 1531 masculari
1402 1444 1625 1530 tenerrima
1654 1444 1891 1545 obducunt,
1937 1444 1984 1530 in
2011 1472 2095 1553 qiua
2123 1444 2251 1531 libras

416 1583 765 1697 longitudinales,
793 1613 899 1696 quas
927 1604 1120 1675 auctores
1147 1589 1350 1675 adnotant
1363 1590 1399 1693 ¹⁵,
1428 1586 1584 1674 liiistra
1611 1586 1893 1696 quaesireiis,
1920 1586 2004 1673 nisi
2030 1587 2077 1672 in
2103 1587 2250 1673 ultima

417 1744 541 1842 parte
581 1728 819 1835 oiiductus,
862 1731 936 1816 ubi
977 1747 1142 1817 uterum
1182 1731 1330 1818 adiens
1370 1756 1449 1845 per
1487 1747 1667 1817 tractum
1707 1731 1886 1817 duom-
1924 1730 2016 1817 lem
2054 1729 2252 1842 pollicum

418 1887 653 1959 coarctatur
671 1872 730 1959 **.
789 1871 870 1960 llio
899 1877 954 1961 ab
983 1889 1105 1963 utero
1133 1874 1267 1962 librae
1295 1873 1617 1986 longitudinaleu
1644 1872 2253 1965 distinctissimeoominuaa-

417 2031 507 2120 tur,
561 2031 605 2104 et
632 2015 679 2101 iu
708 2042 761 2103 ea
788 2015 981 2129 regione,
1022 2016 1097 2103 ubi
1136 2016 1354 2104 oriduetus
1395 2017 1701 2129 amplificatur,
1741 2016 1953 2104 mutinuo·
1981 2032 2251 2105 evanescunt.

415 2158 570 2249 Uterus
597 2158 689 2271 ipse
725 2160 883 2272 duplici
918 2175 1049 2247 strato
1090 2162 1370 2248 miraculorum
1411 2159 1633 2274 obtegitur.
1692 2161 1745 2246 ln
1780 2175 1959 2248 externo
1988 2175 2121 2247 strato
2155 2162 2252 2248 lori·

417 2300 637 2415 gitudinali
667 2300 897 2390 directione
926 2308 982 2390 ab
1011 2302 1264 2417 apostomosi
1293 2304 1513 2390 oviductus
1541 2306 1596 2390 ad
1621 2302 1798 2416 vaginae
1827 2330 1903 2390 ora
1932 2319 2177 2409 excurrunt,
2206 2303 2252 2388 iii

417 2442 583 2533 intento
612 2446 912 2552 membranam,
941 2474 1051 2557 quae
1079 2463 1230 2533 testam
1258 2446 1328 2534 ovi
1356 2463 1491 2560 parat,
1527 2447 1751 2534 circulares
1779 2446 1980 2533 ambiunt.
2040 2446 2179 2532 Etiam
2206 2443 2251 2532 in

418 2587 570 2700 sagina
599 2587 921 2701 longitudinales
949 2590 1082 2679 librae
1112 2592 1369 2702 praevalent,
1400 2591 1624 2678 circadares
1652 2589 1792 2703 potius
1820 2589 1865 2675 in
1894 2589 1984 2704 ejus
2012 2590 2252 2702 spliiiicteie

419 2730 684 2843 colliguntur.
742 2732 911 2846 Vagiua
952 2751 996 2820 et
1024 2732 1352 2839 infundibulum,
1401 2761 1503 2843 qaia·
1525 2735 1695 2820 canales
1735 2733 1826 2820 sere
1861 2732 1939 2818 toti
1977 2735 2252 2834 musculares,

418 2873 571 2961 mirum
606 2873 649 2960 iii
687 2877 855 2962 modum
891 2875 1068 2965 ductiles
1103 2894 1221 2982 suut,
1263 2877 1323 2962 ita
1351 2894 1399 2964 ut
1427 2876 1643 2991 paullatim
1678 2875 1915 2981 dilatando,
1956 2873 2081 2963 facile
2109 2878 2253 2989 plures

419 3012 571 3129 digitos
610 3016 824 3106 intrudere
865 3019 1032 3134 possis.-
1080 3021 1161 3106 Hic
1201 3019 1411 3107 ductilitas
1450 3019 1757 3108 eontractilitati'
1792 3018 1938 3137 juncta
1980 3017 2078 3124 suit,
2124 3047 2253 3129 quum

419 3160 715 3275 pmmorendis
743 3160 888 3269 iimid,
929 3182 973 3252 et
1001 3190 1078 3272 ne,
1120 3163 1264 3254 oribus
1297 3162 1512 3279 pmxima,
1554 3166 1799 3266 elabamur,
1841 3159 2072 3250 retinendis
2101 3188 2253 3275 eorpo-

419 3301 536 3393 ii'tius
564 3304 772 3394 destinata
800 3304 897 3394 sini.

1271 3644 1320 3764 a.
1357 3647 1404 3737 o.

492 3829 574 3915 De
613 3829 947 3945 susceptione
987 3831 1070 3919 oui
1109 3833 1282 3921 ovorii
1320 3837 1384 3922 ab
1425 3833 1696 3923 ouiductus
1735 3831 2077 3948 infundibulo
2100 3827 2182 3913 m.

573 4024 668 4113 lum
697 4024 809 4113 ovuli
837 4024 991 4115 maturi
1017 4026 1237 4116 historiam
1265 4029 1443 4117 ulterius
1472 4027 1739 4118 comiderare
1765 4026 1905 4131 liceat,
1935 4023 1971 4111 si
1994 4023 2082 4110 sors
2110 4022 2256 4107 datum

421 4163 547 4255 bresit
587 4167 692 4253 lucis
727 4168 939 4305 quidpiam
967 4170 1014 4258 iii
1053 4198 1145 4259 rem
1173 4189 1260 4260 tam
1295 4171 1484 4261 tenebris
1525 4188 1678 4260 tectam
1705 4168 1875 4257 alterne.
1934 4168 2049 4253 Dum
2088 4165 2257 4253 vitellus

425 4334 684 4347 —un--n—----·-—
761 4340 859 4347 -——
882 4340 910 4348 —

510 4424 526 4453 ·
568 4418 674 4482 Fibraa
702 4418 810 4484 isthaec
835 4421 1061 4503 lungitudlaalai
1085 4425 1129 4487 till
1149 4425 1230 4488 allud
1250 4436 1336 4504 iniit,
1370 4426 1427 4486 alil
1447 4425 1540 4503 plicae
1560 4423 1704 4504 oblongae
1732 4423 1917 4484 membranae
1944 4422 2074 4482 internae
2094 4418 2257 4491 oriductua,

424 4520 559 4583 albumen
581 4525 773 4601 aeramentis,
808 4545 884 4602 quaa
904 4546 958 4604 par
976 4528 1175 4589 membranam
1196 4548 1324 4590 mmmm
1351 4537 1439 4604 atqua
1468 4526 1660 4588 mmanlarem
1689 4526 1859 4587 tenerrimas
1887 4531 2079 4599 traiisparaiit.
2120 4516 2199 4581 Ram
2217 4521 2258 4579 ita

424 4642 488 4684 aiae
507 4623 598 4783 ¹l'aclla
618 4635 780 4704 comparat,
811 4626 882 4689 duni
902 4626 1036 4691 datrae&
1063 4629 1240 4692 marinii
1260 4628 1319 4691 lllli
1339 4627 1429 4707 pllcai
1457 4629 1644 4691 umbrante
1664 4627 1834 4691 moriae
1864 4624 1988 4686 tantm
2014 4625 2079 4699 ajat
2103 4618 2259 4698 wanti

423 4734 536 4802 apatua
557 4726 793 4803 complanaveris.

510 4844 542 4875 '⁹
584 4839 726 4904 litlimum
756 4844 908 4908 oridiictua
927 4846 1146 4924 appellaverim.
1188 4844 1270 4911 Haec
1295 4869 1381 4928 para,
1412 4851 1454 4911 uti
1480 4849 1650 4927 observari,
1680 4847 1719 4909 ad
1744 4845 1932 4908 mammem
1957 4841 2142 4903 mltum
2169 4849 2259 4901 108110

424 4938 564 5003 destinata
585 4953 639 5006 ert.
683 4942 764 5005 Dum
796 4966 886 5008 ovum
906 4947 1054 5010 albumlua
1080 4952 1138 5026 iam
1159 4950 1329 5012 instructum
1354 4953 1386 5011 ln
1406 4948 1505 5013 litbml
1531 4953 1645 5012 initium
1672 4950 1775 5022 latrat,
1810 4947 1903 5023 prima
1929 4944 2070 5022 parietum
2098 4941 2259 5002 mittenti·

424 5062 492 5122 pari
513 5045 622 5106 latrari
641 5066 803 5124 compressa
824 5048 914 5110 duam
936 5061 1051 5112 acutum
1073 5053 1122 5113 ovi
1143 5063 1240 5130 parat,
1271 5072 1398 5129 sequani
1418 5055 1472 5114 iter
1492 5056 1551 5128 jam
1571 5052 1721 5112 dilatalm
1742 5049 1890 5125 repausa·
1910 5047 1942 5106 iu
1963 5044 2136 5105 minuatam
2158 5043 2259 5120 polum

426 5144 611 5224 rotundatum
639 5149 668 5206 lu
691 5147 740 5208 llla
762 5152 916 5211 arctatioiie
936 5152 997 5213 lori
1017 5152 1105 5213 etlam
1126 5153 1249 5214 conditio
1270 5151 1434 5214 mechanica
1454 5154 1604 5215 strictimia
1623 5150 1794 5214 adorationis
1813 5147 1987 5226 albuminit,
2008 5165 2099 5224 quam
2118 5143 2259 5223 ligantem

426 5259 486 5308 tum
511 5244 653 5308 Turnum
676 5262 794 5325 iaciat,
816 5251 979 5327 qiiaeraiida
1000 5263 1055 5315 att.

510 5368 558 5399 '⁶‘
601 5362 686 5430 cuit.
708 5364 940 5433 §carosiana
962 5369 984 5434 l·
1006 5390 1031 5434 0·
1053 5390 1083 5450 l’·
1105 5375 1157 5437 ⁶9·
1179 5382 1209 5434 θ’
1228 5390 1294 5452 '‘1‘1·
