4920 6346
841 608 1150 622 ...-.....-
1202 546 1278 649 qq
1337 607 1648 623 -..-..

323 827 447 911 wem
473 818 625 889 auctm'
647 801 799 887 citatus
821 801 1030 886 cumulum
1058 792 1387 888 orna-'enatans
1417 797 1618 913 depingit,
1649 800 1933 888 continuatum
1957 801 2002 888 in
2025 830 2161 894 zonae

322 944 498 1034 formam
529 949 581 1033 ad
619 944 944 1031 extremitatem*
964 940 1034 1029 ovi
1064 943 1265 1043 alteram,
1308 956 1437 1053 atque
1465 959 1509 1050 et
1534 942 1606 1045 laic
1646 944 1862 1033 chalazam
1892 947 2159 1056 ambientem,

193 1154 200 1167 ,
322 1105 365 1175 et
394 1093 506 1198 quod
536 1092 734 1176 albumen
762 1086 932 1175 tertium
962 1085 1172 1199 designat,
1214 1111 1366 1174 revera
1394 1114 1479 1174 non
1509 1103 1595 1192 est,
1626 1088 1701 1174 sed
1731 1087 2064 1176 circumferentia
2093 1095 2158 1179 al-

320 1231 509 1319 buminis·
532 1231 723 1337 secundi,
752 1230 922 1340 oblique
950 1228 1061 1335 visi,
1077 1228 1223 1316 vitello
1251 1212 1516 1339 chalazisque
1545 1226 1726 1318 mrictim
1756 1230 1965 1344 oppressi,
1996 1232 2158 1343 reliquo

314 1373 533 1464 albumine
560 1378 605 1465 in
634 1360 767 1462 fundo
796 1372 908 1461 vasis
937 1373 1108 1486 proprio
1136 1374 1327 1485 pondere
1355 1373 1596 1460 subsidente
1625 1392 1667 1460 et
1696 1373 1854 1478 elibs03
1887 1375 2020 1483 quod,
2063 1376 2157 1464 mea

317 1519 488 1629 quidem
530 1517 803 1634 persuasione
842 1520 900 1605 ob
948 1515 1183 1603 illusionem
1225 1516 1432 1629 opticam,
1485 1517 1863 1604 circumferentiam
1902 1518 2156 1630 peculiarem

316 1671 589 1776 praesentare
627 1663 810 1748 videtur.
874 1659 1069 1750 Similem
1102 1658 1341 1746 illusionem
1381 1659 1577 1746 videntur
1604 1660 1738 1774 passi,
1782 1661 1855 1770 qui
1883 1664 1940 1746 de
1974 1662 2154 1750 normali

312 1822 444 1911 zena,
475 1808 741 1902 cbalazarum
771 1804 1051 1891 cicatriculam
1082 1801 1311 1910 ambiente,
1342 1819 1385 1891 et
1413 1805 1682 1919 sphaerulam
1710 1804 1844 1892 vitelli
1872 1796 2036 1894 ratione
2066 1805 2152 1896 80:

320 1949 417 2041 too
446 1953 744 2064 amplectente,
785 1951 1077 2060 loquebantur.

1151 2386 1199 2506 q.
1235 2392 1309 2481 rc.
1391 2395 1399 2401 ·

640 2568 949 2680 Membrana
981 2593 1211 2722 propria
1254 2592 1534 2685 albuminis
1562 2605 1819 2710 negatur.

320 2826 324 2833 ’
462 2811 695 2901 Nominare
734 2840 902 2923 quoque
930 2815 1067 2901 solent
1108 2830 1300 2902 auctores
1335 2818 1622 2903 membranam
1662 2812 1884 2901 albuminis
1913 2812 2146 2926 propriam3

311 2971 401 3063 ast,
443 2986 498 3044 an
528 2983 623 3042 eam
648 2954 741 3065 quis
771 2956 952 3058 viderit,
994 2960 1120 3044 ualde
1161 2958 1326 3064 dubito,
1368 2958 1450 3045 nisi
1480 2957 1595 3072 prius
1625 2974 1717 3045 arte
1745 2958 1978 3070 paraverit,
2019 2983 2148 3066 quum

309 3124 421 3212 aspra
461 3126 611 3187 reeens
653 3103 911 3212 coagulando
958 3099 1003 3185 in
1045 3103 1242 3188 albumen
1284 3119 1380 3215 agat
1419 3102 1658 3211 ubicunque
1705 3101 1902 3214 tetigerit.
1974 3100 2147 3213 Optime

309 3245 478 3354 quidem
508 3243 710 3361 ejusmodi
733 3249 1018 3331 membranam
1047 3244 1311 3332 manifestam
1339 3247 1521 3332 reddere
1550 3244 1742 3353 sequenti
1770 3245 1896 3331 modo
1920 3243 2024 3329 mibi
2047 3270 2147 3331 suc·

308 3386 461 3475 cessit·
509 3389 652 3477 Ovum
681 3408 830 3474 recens
858 3402 973 3474 testa·
993 3391 1221 3475 exclusum
1250 3391 1329 3474 sub
1359 3415 1466 3498 aspra
1502 3386 1656 3500 frigida
1686 3386 1845 3497 aliquot
1878 3389 2005 3473 boras
2033 3412 2146 3474 mer·

307 3556 401 3651 sum
441 3530 584 3617 facias.
650 3511 864 3617 Albumen
903 3546 1005 3617 tuno
1040 3531 1303 3644 superficiem
1345 3531 1586 3620 solidiorem
1630 3535 1912 3618 albescentem
1953 3528 2144 3640 acquirit.

307 3674 491 3762 Auferes
518 3701 631 3760 nnnc
660 3676 846 3787 sugendo
884 3702 1035 3785 aquam
1064 3679 1260 3760 albumen
1290 3675 1565 3775 ambientem,
1607 3678 1881 3784 tubulumque
1916 3672 2072 3762 exulem
2100 3672 2145 3759 in

308 3815 533 3904 albuminis
561 3819 835 3904 substantiam
865 3818 919 3903 ad
944 3821 1143 3905 chalazae
1171 3845 1304 3928 usque
1331 3819 1516 3904 radicem
1544 3817 1734 3933 intrudas
1757 3835 1801 3904 et
1830 3816 1982 3903 leniter
2009 3816 2144 3931 inspi-

305 3960 441 4047 rando
471 3962 667 4047 albumen
696 3959 836 4065 infles3
866 3960 1102 4048 intumescit
1130 3960 1343 4073 paullatim
1373 3962 1417 4048 in
1448 3964 1625 4067 bullam
1657 3977 1703 4048 et
1730 3961 1871 4049 sexies
1900 3959 1993 4048 fere
2021 3962 2144 4048 voln-

306 4103 421 4190 mine
450 4104 518 4192 ovi
549 4118 737 4218 augetur,
769 4105 1038 4220 ejusdemque
1067 4104 1258 4210 formam,
1289 4106 1438 4216 quodsi
1466 4109 1574 4191 bene
1604 4131 1733 4217 opera
1762 4104 1973 4209 successit,
2003 4121 2144 4192 servat

304 4244 629 4361 integerrimam.
690 4249 818 4334 'l'unc
844 4249 996 4335 itemm
1025 4274 1175 4356 aquam
1205 4250 1359 4336 leniter
1387 4247 1605 4348 affimdas,
1643 4263 1690 4334 ut
1717 4274 1864 4353 ovum,
1900 4247 2035 4336 libere
2063 4272 2143 4334 na·

306 4404 426 4492 tans,
454 4390 654 4479 inferiora
683 4417 849 4500 quoque
878 4418 1043 4496 versus,
1074 4392 1148 4478 ubi
1177 4391 1332 4479 fundus
1362 4390 1474 4479 vasis
1503 4408 1831 4504 compresserat,
1861 4393 2140 4503 expandatur.

305 4533 440 4623 Vides
468 4551 569 4622 tunc
608 4531 796 4620 vitellum
837 4561 933 4619 cum
968 4535 1153 4623 chalazis
1193 4536 1372 4622 liberum
1412 4535 1526 4641 fere,
1575 4536 1656 4621 nisi
1684 4536 1768 4622 hae
1808 4533 2142 4621 extremitatibus

305 4680 392 4764 suis
419 4678 464 4764 in
495 4681 692 4763 albumen
734 4676 931 4785 uninque
959 4676 1206 4789 transirent,
1249 4706 1372 4766 sacco
1402 4706 1551 4792 magno
1580 4679 1724 4765 inflato
1755 4675 1947 4765 oviformi
1976 4694 2043 4764 sat
2070 4705 2141 4768 so-

304 4819 391 4908 lido
421 4823 466 4908 in
508 4820 727 4933 superficie
754 4847 889 4931 aquae
929 4821 1155 4906 fluctuante
1184 4798 1402 4909 inclusum.
1462 4821 1513 4912 Si
1552 4838 1653 4909 tunc
1688 4819 1949 4934 superficiem
1989 4822 2142 4910 leniter

303 4962 477 5071 incidas,
507 4969 794 5051 membranam
817 4962 1135 5050 crassiusculam
1164 4965 1417 5052 albicantem
1447 4970 1502 5052 ab
1526 4995 1578 5056 ea
1607 4965 1830 5052 detrahere
1858 4961 1970 5069 licet,
2001 4964 2140 5083 cujus-

302 5106 419 5196 modi
447 5135 558 5195 nova
586 5108 738 5196 iterum
767 5107 969 5195 formatur
997 5106 1161 5218 quoties
1189 5134 1365 5220 aquam,
1408 5124 1481 5197 aut
1510 5109 1700 5224 spiritum
1729 5107 1816 5196 vini
1847 5105 2055 5197 effundas.

1759 5540 1832 5631 3,
