4920 6346
1188 483 1250 579 rr
1312 530 1639 557 W=

305 730 529 844 pelluntur
588 726 754 814 Motum
783 724 895 811 bunc
923 721 1184 836 potissimum
1205 721 1341 811 fibrae
1370 723 1626 809 musculares
1651 726 2009 817 mesometriorrnu
2037 759 2138 847 per·

303 872 471 973 ficiunt,
515 873 613 999 rium
643 868 882 959 oviductum
911 869 995 955 huc
1024 883 1067 955 et
1094 866 1194 956 illuc
1223 868 1430 956 trahendo
1459 867 1626 957 sinuant
1654 882 1852 981 torquent
1880 888 2007 990 atque
2034 905 2139 966 corr·

305 1017 526 1128 stringunt
587 1015 697 1100 Pars
725 1028 825 1099 turm
854 992 1121 1100 membranae
1151 1010 1241 1128 ejus
1270 1037 1486 1117 mucosae‚
1528 1038 1637 1121 quae
1666 1012 1853 1099 vitellum
1882 1019 2032 1126 ambit,
2075 1025 2141 1107 al·

305 1162 469 1247 burnan
483 1162 821 1247 membranarum
844 1156 977 1257 souma
998 1156 1196 1272 secernit,
1227 1157 1340 1264 quod
1364 1154 1561 1244 continuo
1590 1156 1690 1243 huic
1715 1158 2012 1271 adglutinatur,
2042 1193 2141 1276 pars

306 1328 411 1392 roro
439 1318 538 1390 aute
565 1316 611 1388 et
645 1317 741 1415 post
775 1298 1005 1389 vitellum
991 1327 1036 1386 ru
1072 1299 1243 1411 seipsa
1279 1314 1491 1387 contracta
1528 1298 1729 1386 albumini
1769 1319 1932 1389 astruo
1967 1304 2150 1395 funiculi·

306 1461 471 1535 nutum
497 1445 676 1534 ienuam
717 1442 941 1544 coneedit,
958 1476 961 1483 ·
981 1441 1053 1552 qui
1080 1441 1291 1555 spiraliter
1320 1458 1535 1556 promotus
1563 1441 1610 1528 in
1636 1469 1685 1529 se
1713 1442 1806 1556 ipso
1847 1461 2152 1559 contemnetur.

308 1588 1202 1700 u-ziu.uuoqueovip010oooumularur;
1254 1589 1500 1698 plerumque
1534 1587 1616 1672 hac
1650 1586 1838 1675 torsione
1873 1593 1928 1676 url
1957 1593 2151 1681 radicem

307 1760 391 1843 qua
411 1732 553 1821 vitello
572 1733 805 1847 applicatur
828 1730 937 1816 redit
955 1747 999 1821 es
1016 1730 1076 1816 ibi
1094 1729 1137 1816 iu
1156 1728 1320 1838 reliquo
1340 1730 1554 1817 albumine
1572 1729 1770 1842 disparet.
1803 1731 1923 1846 (lug.
1937 1733 2117 1823 XXIV
2112 1734 2145 1852 ι)

308 1877 497 1991 Quod-‘a
522 1880 663 1967 latere
691 1873 951 1981 auis-uitelli
980 1875 1180 1961 cbalarae
1208 1872 1472 1974 inscranurr,
1513 1873 1727 1962 serviuum
1765 1875 1812 1963 in
1840 1898 1895 1964 eo
1930 1896 2146 1991 praestare

308 2018 495 2126 ritlrth,
543 2021 883 2131 quodpunctum
917 2014 1131 2129 gravitatis
1167 2013 1300 2103 vitelli
1335 2043 1503 2130 semper
1530 2017 1576 2104 in
1610 2044 1730 2105 suam
1766 2033 1929 2131 partem
1957 2024 2147 2127 trabant,
2239 1996 2242 2011 ’

311 2160 490 2279 surgit,
530 2178 578 2253 ut
598 2162 846 2251 cicatricula
875 2186 1042 2272 semper
1074 2182 1316 2271 supremum
1344 2160 1477 2248 vitelli
1504 2163 1643 2248 locum
1671 2179 1867 2276 occupet,
1908 2166 2147 2278 proximum

311 2306 441 2395 calori
471 2305 705 2394 incubantis
738 2305 921 2419 gallinae
951 2304 1263 2416 exponendum.
2150 2333 2155 2343 ·

371 2452 575 2537 'Dum
604 2476 729 2539 orum
759 2462 965 2563 apparatu
990 2445 1233 2539 mechanico
1262 2446 1483 2535 celerrime
1510 2446 1778 2564 circumagis,
1817 2451 2019 2551 chalazae
2049 2454 2149 2545 iude

204 2658 212 2671 .
310 2510 622 2683 numerosiores
648 2593 936 2705 contorsiones
962 2618 1051 2679 nou
1079 2590 1320 2702 acquirunt,
1363 2607 1427 2679 ast
1455 2590 1724 2706 ligamentum
1751 2595 1974 2775 album'm
2002 2597 2153 2688 dero*

311 2750 411 2827 tum
430 2767 456 2826 a
477 2753 594 2827 tastu
626 2736 885 2931 abripitur
2147 2770 2156 2793 ι

1050 2920 1407 2935 Ἣ
1430 2934 1434 2939 ,

1150 3072 1198 3192 a.
1235 3078 1310 3169 ro.
1552 3206 1557 3219 ⁹

481 3358 485 3367 ,
541 3353 545 3361 ,
676 3238 792 3377 -De
822 3261 1155 3393 formatione
1195 3222 1749 3377 mernbronuetestue.

325 3492 390 3541 !:.¹
454 3459 888 3545 membranaceae
913 3457 969 3543 orl
1005 3455 1228 3547 albuminis
1256 3456 1519 3572 superficiem
1553 3475 1775 3546 externa·
1809 3455 1865 3544 iu·
1883 3457 2034 3548 ultimo
2059 3463 2157 3575 pri-³

313 3612 427 3689 mim
454 3616 593 3688 tractu
621 3601 865 3707 abiunctus,-
884 3598 959 3709 qui
982 3599 1098 3688 iuter
1127 3600 1219 3716 ejus
1244 3601 1444 3687 isthmum
1470 3616 1517 3686 ‚et
1546 3603 1710 3686 uterum
1739 3617 1944 3709 versatur,
1971 3606 2156 3695 accedit:

313 3743 615 3833 Principum
642 3755 747 3858 pars
770 3743 853 3832 :ori
880 3743 1075 3851 comior,-
1113 3748 1481 3853 membrorumque
1509 3743 1665 3848 mouit,
1711 3744 1770 3830 ita
1795 3761 1849 3831 ut
1875 3744 1920 3831 in
1950 3750 2155 3836 cursori

314 3890 513 4001 albumen
542 3913 670 4000 saepe
680 3886 856 3991 :nudum
885 3888 1025 3977 adbuc
1054 3886 1278 3976 uisendum
1307 3885 1400 3973 sit.³
1434 3885 1529 3975 Sub
1561 3888 1642 3974 lroc
1668 3887 1772 3975 uisu·
1797 3902 1957 3976 tractus
1986 3892 2154 3980 istlrml·

129 4116 133 4123 .
315 4033 518 4121 carnoso
539 4030 811 4142 exportatum,
835 4045 882 4123 ut
897 4029 1039 4142 plicas
1062 4029 1568 4120 membrauseintcrioris
1591 4030 1757 4144 penisus
1774 4034 2004 4120 ¹deleantur
2022 4036 2154 4146 atquo

312 4173 662 4287 maximsussio
691 4172 1153 4265 &moratur-uriarum
1181 4177 1330 4287 -pluuu
1349 4173 1479 4287 partis
1513 4173 1753 4280 osidutsus,
1781 4174 1879 4261 ubi·
1900 4176 1990 4264 fors
2005 4179 2153 4295 maior
2185 4288 2194 4301 ἱ

312 4317 491 4410 irritatio
519 4320 789 4404 membranae
819 4345 986 4405 succum
1016 4315 1252 4405 densiorem
1273 4343 1355 4427 quo
1385 4320 1630 4407 membrana
1649 4335 1843 4432 parum,
1872 4318 2001 4409 elicit<
2057 4324 2152 4412 Nus

142 4546 150 4557 .
313 4466 442 4552 tanda
472 4488 598 4575 porro
627 4459 877 4573 interruptio
909 4461 1049 4547 brevis
1073 4459 1276 4574 plicarum
1304 4460 1602 4549 muciserarum
1630 4465 1757 4575 plane
1786 4466 1865 4548 sub
1887 4461 2028 4550 isthmi
2050 4464 2149 4552 stri-

313 4624 453 4713 ctura,
508 4631 591 4713 quo
621 4603 888 4691 intervallum
917 4602 1030 4691 inter
1058 4602 1336 4692 secretionem
1371 4604 1673 4692 albuminosam
1714 4619 1758 4692 ct
1785 4609 2149 4698 membranaceum

312 4749 492 4839 cfficiurr
520 4765 564 4837 et
587 4748 673 4835 sors
701 4745 883 4841 conditio
913 4746 1071 4834 sistitur
1100 4748 1309 4835 temnet
1338 4745 1550 4861 ligamenti
1580 4746 1829 4835 albuminosi
1857 4750 1903 4838 irr
1927 4767 2049 4863 parte
2077 4751 2149 4840 ori

311 4890 500 4983 acutiori.
574 4893 825 4980 Membrana
862 4906 996 4979 testae
1031 4893 1189 5003 duplex
1230 4905 1420 5004 paratur,
1470 4889 1646 4978 interior
1681 4891 1798 4979 libris
1840 4892 2148 5007 microscopicis

311 5035 436 5126 rectis
460 5050 657 5123 contexta
682 5052 760 5140 est,
791 5034 978 5124 exterior
999 5049 1209 5121 texturam
1232 5032 1485 5148 peculiarem
1507 5061 1593 5121 nou
1616 5032 1744 5122 ofl'ert
1762 5035 1798 5121 *ἃ
1831 5034 1951 5151 (It'r'g.
1969 5035 2146 5153 XXV.)

398 5279 414 5312 ⁰
456 5272 493 5337 Iu
514 5294 570 5335 oro
591 5270 710 5336 colubri
730 5271 856 5337 Nutricis
876 5282 996 5333 stratum
1017 5265 1072 5332 lroc
1092 5271 1214 5335 interius
1241 5267 1322 5332 tibris
1343 5269 1490 5333 uoluistis
1511 5269 1727 5332 formosissimis
1747 5280 1866 5334 conus&
1887 5271 1965 5336 ont
1986 5268 2027 5335 6.
2049 5268 2090 5335 R.
2112 5296 2143 5334 u.

310 5376 350 5445 L.
372 5375 428 5441 Ch.
452 5375 658 5440 Tasmsrrcs
678 5397 765 5438 uem.
787 5371 943 5458 &buflos
962 5371 1025 5436 Bu
1037 5370 1065 5435 1.
1093 5394 1162 5453 pag.
1176 5376 1249 5435 1⁴².

274 5542 280 5555 .
352 5495 514 5561 Possum
536 5495 700 5577 symbolae.
1804 5478 1840 5570 4
